@article{rednet,
author = {Peng, Xi and Feris, Rogerio and Wang, Xiaoyu and Metaxas, Dimitris},
year = {2016},
month = {08},
pages = {},
title = {A Recurrent Encoder-Decoder Network for Sequential Face Alignment}
}

@inproceedings{dynamic_facial_analysis,
author = {Gu, Jinwei and Yang, Xiaodong and Mello, Shalini and Kautz, Jan},
year = {2017},
month = {07},
pages = {1531-1540},
title = {Dynamic Facial Analysis: From Bayesian Filtering to Recurrent Neural Network},
doi = {10.1109/CVPR.2017.167}
}

@inbook{dadrl,
author = {Guo, Minghao and Lu, Jiwen and Zhou, Jie},
year = {2018},
month = {09},
pages = {783-799},
title = {Dual-Agent Deep Reinforcement Learning for Deformable Face Tracking: 15th European Conference, Munich, Germany, September 8-14, 2018, Proceedings, Part X},
isbn = {978-3-030-01248-9},
doi = {10.1007/978-3-030-01249-6_47}
}

@article{tstn,
author = {Liu, Hao and Lu, Jiwen and Feng, Jianjiang and Zhou, Jie},
year = {2017},
month = {08},
pages = {1-1},
title = {Two-Stream Transformer Networks for Video-Based Face Alignment},
volume = {PP},
journal = {IEEE Transactions on Pattern Analysis and Machine Intelligence},
doi = {10.1109/TPAMI.2017.2734779}
}

@article{farn,
author = {Hou, Qiqi and Wang, Jinjun and Bai, Ruibin and Zhou, Sanping and Gong, Yihong},
year = {2017},
month = {09},
pages = {},
title = {Face Alignment Recurrent Network},
volume = {74},
journal = {Pattern Recognition},
doi = {10.1016/j.patcog.2017.09.028}
}

@article{expression_recognition,
author = {Bailenson, Jeremy and Pontikakis, Emmanuel (Manos) and Mauss, Iris and Gross, James and Jabon, Maria and Hutcherson, Cendri and Nass, Clifford and John, Oliver},
year = {2008},
month = {05},
pages = {303-317},
title = {Real-time classification of evoked emotions using facial feature tracking and physiological responses},
volume = {66},
journal = {International Journal of Human-Computer Studies},
doi = {10.1016/j.ijhcs.2007.10.011}
}

@inproceedings{face_recognition,
author = {Campadelli, Paola and Lanzarotti, Raffaella and Savazzi, C.},
year = {2003},
month = {10},
pages = {68- 73},
title = {A feature-based face recognition system},
isbn = {0-7695-1948-2},
journal = {Proc. of Int. Conf. on Image Analysis and Processing},
doi = {10.1109/ICIAP.2003.1234027}
}

@inproceedings{300-VW_1,
author = {Chrysos, Grigorios and Antonakos, Epameinondas and Zafeiriou, Stefanos and Snape, Patrick},
year = {2015},
month = {12},
pages = {},
title = {Offline Deformable Face Tracking in Arbitrary Videos},
doi = {10.1109/ICCVW.2015.126}
}

@inproceedings{300-VW_2,
author = {Shen, Jie and Zafeiriou, Stefanos and Chrysos, Grigorios and Kossaifi, Jean and Tzimiropoulos, Georgios and Pantic, Maja},
year = {2015},
month = {12},
pages = {},
title = {The First Facial Landmark Tracking in-the-Wild Challenge: Benchmark and Results},
doi = {10.1109/ICCVW.2015.132}
}

@inproceedings{300-VW_3,
author = {Tzimiropoulos, Georgios},
year = {2015},
month = {06},
pages = {3659-3667},
title = {Project-Out Cascaded Regression with an application to face alignment},
doi = {10.1109/CVPR.2015.7298989}
}